@BOOK{Smith1970,
    Address        = {New York},
    Author         = {M. Smith and I. A. Hall},
    Edition        = {7th},
    Publisher      = {Dover},
    Title          = {Handbook of Interstellar Travel},
    Year           = {1970}
}

@ARTICLE{Jones2002,
    Author         = {S. V. Jones and S. Brown and T. Parker and V. Stubblefield and E. K\"ossler and C. Simmons and J. Wittner},
    Journal        = {Journal of Nonspecific Research},
    Pages          = {665--703},
    Title          = {Anomalous Indeterminate Amorphous Transitory Gradations Observed in Certain Specific Nongeneralizable Locii Attendant to Unique Fleeting Unpredictable Phenomena},
    Volume         = {88},
    Year           = {2002}
}

@ARTICLE{Nawahi1928,
    Author         = {B. Nawahi},
    Journal        = {J.~Chem.~Phys.},
    Pages          = {9893--9904},
    Title          = {Acoustic Production in Liquid Filled Ceramic Environments},
    Volume         = {108},
    Year           = {1928}
}

@ARTICLE{sanford2005,
    Author         = {F. Sanford},
    Journal        = {Journal of Junk},
    Number         = {4},
    Pages          = {324-345},
    Title          = {Oxidized Ferrous Materials},
    Volume         = {5},
    Year           = {2005}
}

