
@inbook{spivak2020,
	booktitle = {The Politics of Recall Elections},
	title = {Recall Elections in the US: Its Long Past and Uncertain Future},
	author = {Spivak, Joshua},
	editor = {Welp, Yanina and Whitehead, Laurence},
	year = {2020},
	date = {2020},
	publisher = {Palgrave Macmillan},
	pages = {73--93},
	address = {Cham, Switzerland},
	langid = {eng}
}

@article{gordon2021,
	title = {Incentive Effects of Recall Elections: Evidence from Criminal Sentencing in California Courts},
	author = {Gordon, Sanford  C. and Yntiso, Sidak},
	year = {2021},
	month = {11},
	date = {2021-11-30},
	journal = {The Journal of Politics},
	doi = {10.1086/718357},
	url = {https://www.journals.uchicago.edu/doi/10.1086/718357},
	note = {Publisher: The University of Chicago Press}
}

@book{carey2008,
	title = {Legislative Voting and Accountability},
	author = {Carey, John M.},
	year = {2008},
	date = {2008},
	publisher = {Cambridge University Press},
	series = {Cambridge Studies in Comparative Politics},
	doi = {10.1017/CBO9780511810077},
	%url = {https://www.cambridge.org/core/books/legislative-voting-and-accountability/4A2BCDAC86601B9DA2BAE8ECBCC3AC36},
	note = {DOI: 10.1017/CBO9780511810077},
	address = {Cambridge}
}

@book{campbell1960,
	title = {The American Voter},
	author = {Campbell, Angus and Converse, Philip E. and Miller, Warren E. and Stokes, Donald E.},
	year = {1960},
	date = {1960},
	publisher = {Wiley},
	%url = {https://press.uchicago.edu/ucp/books/book/chicago/A/bo24047989.html},
	address = {New York},
	langid = {en}
}

@inbook{bartels2010,
	booktitle = {The Oxford Handbook of American Elections and Political Behavior},
	title = {The Study of Electoral Behavior},
	author = {Bartels, Larry M.},
	editor = {Leighley, Jan E.},
	year = {2010},
	month = {05},
	date = {2010-05-02},
	publisher = {Oxford University Press},
	pages = {239--261},
	edition = {1},
	doi = {10.1093/oxfordhb/9780199235476.003.0014},
	%url = {https://academic.oup.com/edited-volume/34390/chapter/291630969},
	note = {DOI: 10.1093/oxfordhb/9780199235476.003.0014},
	langid = {en}
}

@inbook{jacoby2010,
	booktitle = {The Oxford Handbook of American Elections and Political Behavior},
	title = {The American Voter},
	author = {Jacoby, William G.},
	editor = {Leighley, Jan E.},
	year = {2010},
	month = {05},
	date = {2010-05-02},
	publisher = {Oxford University Press},
	pages = {262--277},
	edition = {1},
	doi = {10.1093/oxfordhb/9780199235476.003.0015},
	%url = {https://academic.oup.com/edited-volume/34390/chapter/291631507},
	note = {DOI: 10.1093/oxfordhb/9780199235476.003.0015},
	langid = {en}
}

@book{thepoli2020,
	title = {The Politics of Recall Elections},
	editor = {Welp, Yanina and Whitehead, Laurence},
	year = {2020},
	date = {2020},
	publisher = {Palgrave Macmillan},
	address = {Cham, Switzerland},
	langid = {eng}
}

@inbook{masket2016,
	booktitle = {The Inevitable Party},
	title = {The California Recall: {\textquotedblleft}A Sprint with No Primary{\textquotedblright}},
	author = {Masket, Seth E.},
	year = {2016},
	date = {2016},
	publisher = {Oxford University Press},
	pages = {104--126},
	doi = {10.1093/acprof:oso/9780190220839.003.0006},
	%url = {https://oxford.universitypressscholarship.com/10.1093/acprof:oso/9780190220839.001.0001/acprof-9780190220839-chapter-6},
	note = {DOI: 10.1093/acprof:oso/9780190220839.003.0006},
	address = {New York},
	langid = {eng}
}

@book{gerston2004,
	title = {Recall!: California's Political Earthquake},
	author = {Gerston, Larry N. and Christensen, Terry},
	year = {2004},
	date = {2004},
	publisher = {Taylor & Francis Group},
	%url = {http://ebookcentral.proquest.com/lib/duke/detail.action?docID=2005302},
	address = {Armonk, NY}
}

@book{cain1987,
	title = {The Personal Vote: Constituency Service and Electoral Independence},
	author = {Cain, Bruce and Ferejohn, John and Fiorina, Morris},
	year = {1987},
	date = {1987},
	publisher = {Harvard University Press},
	address = {Cambridge, MA},
	langid = {eng}
}

@book{fenno1978,
	title = {Home Style: House Members in Their Districts},
	author = {Fenno, Richard F.},
	year = {1978},
	date = {1978},
	publisher = {Little, Brown},
	note = {Google-Books-ID: RUckAQAAIAAJ},
	address = {Boston},
	langid = {en}
}

@article{miller1963,
	title = {Constituency Influence in Congress},
	author = {Miller, Warren E. and Stokes, Donald E.},
	year = {1963},
	date = {1963},
	journal = {The American Political Science Review},
	pages = {45--56},
	volume = {57},
	number = {1},
	doi = {10.2307/1952717},
	%url = {https://www.jstor.org/stable/1952717},
	note = {Publisher: [American Political Science Association, Cambridge University Press]}
}

@article{weissberg1978,
	title = {Collective vs. Dyadic Representation in Congress},
	author = {Weissberg, Robert},
	year = {1978},
	date = {1978},
	journal = {The American Political Science Review},
	pages = {535--547},
	volume = {72},
	number = {2},
	doi = {10.2307/1954109},
	%url = {https://www.jstor.org/stable/1954109},
	note = {Publisher: [American Political Science Association, Cambridge University Press]}
}

@article{martin2020,
	title = {Coalition Government, Legislative Institutions, and Public Policy in Parliamentary Democracies},
	author = {Martin, Lanny W. and Vanberg, Georg},
	year = {2020},
	date = {2020},
	journal = {American Journal of Political Science},
	pages = {325--340},
	volume = {64},
	number = {2},
	doi = {10.1111/ajps.12453},
	%url = {http://onlinelibrary.wiley.com/doi/abs/10.1111/ajps.12453},
	note = {{\_}eprint: https://onlinelibrary.wiley.com/doi/pdf/10.1111/ajps.12453},
	langid = {en}
}

@book{lewis-beck2008,
	title = {The American Voter Revisited},
	author = {Lewis-Beck, Michael S. and Jacoby, William G. and Norpoth, Helmut and Weisberg, Herbert F.},
	year = {2008},
	date = {2008},
	publisher = {University of Michigan Press},
	address = {Ann Arbor}
}

@article{branton2003,
	title = {Examining Individual-Level Voting Behavior on State Ballot Propositions},
	author = {Branton, Regina P.},
	year = {2003},
	month = {09},
	date = {2003-09-01},
	journal = {Political Research Quarterly},
	pages = {367--377},
	volume = {56},
	number = {3},
	doi = {10.1177/106591290305600311},
	%url = {https://doi.org/10.1177/106591290305600311},
	note = {Publisher: SAGE Publications Inc},
	langid = {en}
}

@inbook{bowler2010,
	booktitle = {The Oxford Handbook of American Elections and Political Behavior},
	title = {Direct Democracy in the United States},
	author = {Bowler, Shaun and Donovan, Todd},
	editor = {Leighley, Jan E.},
	year = {2010},
	month = {05},
	date = {2010-05-02},
	publisher = {Oxford University Press},
	pages = {531--552},
	edition = {1},
	doi = {10.1093/oxfordhb/9780199235476.003.0028},
	%url = {https://academic.oup.com/edited-volume/34390/chapter/291636946},
	note = {DOI: 10.1093/oxfordhb/9780199235476.003.0028},
	langid = {en}
}

@book{colomer2011,
	title = {Personal Representation: The Neglected Dimension of Electoral Systems},
	author = {Colomer, Josep Maria},
	year = {2011},
	month = {07},
	date = {2011-07-01},
	publisher = {ECPR Press},
	note = {Google-Books-ID: hYhMAQAAQBAJ},
	langid = {en}
}

@book{mayhew1974,
	title = {Congress: The Electoral Connection},
	author = {Mayhew, David R.},
	year = {1974},
	date = {1974},
	publisher = {Yale University Press},
	address = {New Haven},
	langid = {eng}
}

@article{carey1995,
	title = {Incentives to cultivate a personal vote: A rank ordering of electoral formulas},
	author = {Carey, John M and Shugart, Matthew Soberg},
	year = {1995},
	month = {12},
	date = {1995-12-01},
	journal = {Electoral Studies},
	pages = {417--439},
	volume = {14},
	number = {4},
	doi = {10.1016/0261-3794(94)00035-2},
	%url = {https://www.sciencedirect.com/science/article/pii/0261379494000352},
	langid = {en}
}

@inbook{converse1966,
	booktitle = {Elections and the Political Order},
	title = {The Concept of a Normal Vote},
	author = {Converse, Philip E.},
	year = {1966},
	month = {01},
	date = {1966-01-15},
	publisher = {Wiley},
	note = {Google-Books-ID: UCE5xwEACAAJ},
	address = {New York},
	langid = {en}
}

@article{hurley1991,
	title = {Partisan Representation, Realignment, and the Senate in the 1980s},
	author = {Hurley, Patricia A.},
	year = {1991},
	date = {1991},
	journal = {The Journal of Politics},
	pages = {3--33},
	volume = {53},
	number = {1},
	doi = {10.2307/2131718},
	%url = {http://www.jstor.org/stable/2131718},
	note = {Publisher: [University of Chicago Press, Southern Political Science Association]}
}

@inbook{ansolabehere2011,
	booktitle ={The Oxford Handbook of the American Congress},
	title = {Dyadic Representation},
	author = {Ansolabehere, Stephen and Jones, Philip Edward},
	editor = {Edwards, George C. and Lee, Frances E. and Schickler, Eric},
	year = {2011},
	month = {03},
	date = {2011-03-10},
	%url = {http://academic.oup.com/edited-volume/34381/chapter/291570081},
	langid = {en}
}

