
@article{canadas,
	title = {Canada{\textquoteright}s Trudeau calls snap election in bid to regain parliamentary majority},
	journal = {Washington Post},
	url = {https://www.washingtonpost.com/world/2021/08/15/canada-trudeau-election/},
	langid = {canadian}
}

@article{coletta,
	title = {Canada{\textquoteright}s Trudeau calls snap election in bid to regain parliamentary majority},
	author = {Coletta, Amanda},
	journal = {Washington Post},
	url = {https://www.washingtonpost.com/world/2021/08/15/canada-trudeau-election/},
	langid = {canadian}
}

@book{fiorina1981,
	title = {Retrospective Voting in American National Elections},
	author = {Fiorina, Morris P.},
	year = {1981},
	month = {10},
	date = {1981-10-01},
	publisher = {Yale Univ Pr},
	address = {New Haven},
	langid = {English}
}

@book{key1966,
	title = {The responsible electorate : rationality in presidential voting, 1936-1960},
	author = {Key, V. O.},
	year = {1966},
	month = {01},
	date = {1966-01-01},
	publisher = {Random House},
	address = {New York},
	langid = {English}
}

@article{mcclean2021,
	title = {The Element of Surprise: Election Timing and Opposition Preparedness},
	author = {McClean, Charles T.},
	year = {2021},
	month = {09},
	date = {2021-09-01},
	journal = {Comparative Political Studies},
	pages = {1984--2018},
	volume = {54},
	number = {11},
	doi = {10.1177/0010414021997172},
	url = {https://doi.org/10.1177/0010414021997172},
	note = {Publisher: SAGE Publications Inc},
	langid = {en}
}

@inbook{barreiro2007,
	title = {Explaining the Electoral Performance of Incumbents in Democracies},
	author = {Barreiro, {Belén}},
	editor = {{Sánchez-Cuenca}, Ignacio and Maravall, {José María}},
	year = {2007},
	date = {2007},
	publisher = {Cambridge University Press},
	pages = {17--44},
	series = {Cambridge Studies in the Theory of Democracy},
	doi = {10.1017/CBO9780511611414.003},
	url = {https://www.cambridge.org/core/books/controlling-governments/explaining-the-electoral-performance-of-incumbents-in-democracies/D07974819640DAD91ED1CA7A24D0F21A},
	note = {DOI: 10.1017/CBO9780511611414.003},
	address = {Cambridge}
}

@article{kayser2005,
	title = {Who Surfs, Who Manipulates? The Determinants of Opportunistic Election Timing and Electorally Motivated Economic Intervention},
	author = {Kayser, Mark Andreas},
	year = {2005},
	month = {02},
	date = {2005-02},
	journal = {American Political Science Review},
	pages = {17--27},
	volume = {99},
	number = {1},
	doi = {10.1017/S0003055405051464},
	url = {http://www.cambridge.org/core/journals/american-political-science-review/article/who-surfs-who-manipulates-the-determinants-of-opportunistic-election-timing-and-electorally-motivated-economic-intervention/14A7F14F4FC7EB769DA5BDB9D16D4E88},
	note = {Publisher: Cambridge University Press},
	langid = {en}
}

@article{morgan-jones2018,
	title = {Presidential influence on parliamentary election timing and the electoral fate of prime ministers},
	author = {Morgan-Jones, Edward and Schleiter, Petra},
	year = {2018},
	month = {04},
	date = {2018-04-03},
	journal = {The Journal of Legislative Studies},
	pages = {211--226},
	volume = {24},
	number = {2},
	doi = {10.1080/13572334.2018.1477273},
	url = {https://doi.org/10.1080/13572334.2018.1477273},
	note = {Publisher: Routledge
{\_}eprint: https://doi.org/10.1080/13572334.2018.1477273}
}

@article{chowdhury1993,
	title = {Political Surfing over Economic Waves: Parliamentary Election Timing in India},
	author = {Chowdhury, Abdur R.},
	year = {1993},
	date = {1993},
	journal = {American Journal of Political Science},
	pages = {1100--1118},
	volume = {37},
	number = {4},
	doi = {10.2307/2111545},
	url = {http://www.jstor.org/stable/2111545},
	note = {Publisher: [Midwest Political Science Association, Wiley]}
}

@article{beckman2020,
	title = {Opportunistic Election Timing, a Complement or Substitute for Economic Manipulation?},
	author = {Beckman, Tristin and Schleiter, Petra},
	year = {2020},
	month = {07},
	date = {2020-07},
	journal = {The Journal of Politics},
	pages = {1127--1141},
	volume = {82},
	number = {3},
	doi = {10.1086/707794},
	url = {http://www.journals.uchicago.edu/doi/full/10.1086/707794},
	note = {Publisher: The University of Chicago Press}
}

@book{smith2004,
	title = {Election timing},
	author = {Smith, Alastair},
	year = {2004},
	date = {2004},
	publisher = {Cambridge, U.K. ; New York : Cambridge, 2004.},
	series = {Political economy of institutions and decisions},
	url = {https://find.library.duke.edu/catalog/DUKE003373499}
}

@article{schleiter2018,
	title = {Voter Reactions to Incumbent Opportunism},
	author = {Schleiter, Petra and Tavits, Margit},
	year = {2018},
	month = {10},
	date = {2018-10},
	journal = {The Journal of Politics},
	pages = {1183--1196},
	volume = {80},
	number = {4},
	doi = {10.1086/698758},
	url = {http://www.journals.uchicago.edu/doi/full/10.1086/698758},
	note = {Publisher: The University of Chicago Press}
}

@article{daoust2021,
	title = {What Are the Consequences of Snap Elections on Citizens{\textquoteright} Voting Behavior?},
	author = {Daoust, {Jean-François} and {Péloquin-Skulski}, Gabrielle},
	year = {2021},
	month = {01},
	date = {2021-01-02},
	journal = {Representation},
	pages = {95--108},
	volume = {57},
	number = {1},
	doi = {10.1080/00344893.2020.1804440},
	url = {https://doi.org/10.1080/00344893.2020.1804440},
	note = {Publisher: Routledge
{\_}eprint: https://doi.org/10.1080/00344893.2020.1804440}
}

@article{blais2004,
	title = {Do (Some) Canadian Voters Punish a Prime Minister for Calling a Snap Election?},
	author = {Blais, {André} and Gidengil, Elisabeth and Neil Nevitte,  and Nadeau, Richard},
	year = {2004},
	month = {06},
	date = {2004-06},
	journal = {Political Studies},
	pages = {307--323},
	volume = {52},
	number = {2},
	doi = {10.1111/j.1467-9248.2004.00481.x},
	url = {https://search.ebscohost.com/login.aspx?direct=true&db=poh&AN=13246253&site=ehost-live&scope=site},
	note = {Publisher: Sage Publications Inc.}
}

@article{coletta2021,
	title = {Canada{\textquoteright}s Trudeau calls snap election in bid to regain parliamentary majority},
	author = {Coletta, Amanda},
	year = {2021},
	month = {08},
	date = {2021-08-15},
	journal = {Washington Post},
	url = {https://www.washingtonpost.com/world/2021/08/15/canada-trudeau-election/},
	langid = {canadian}
}

@article{schleiter2016,
	title = {The Electoral Benefits of Opportunistic Election Timing},
	author = {Schleiter, Petra and Tavits, Margit},
	year = {2016},
	month = {07},
	date = {2016-07},
	journal = {The Journal of Politics},
	pages = {836--850},
	volume = {78},
	number = {3},
	doi = {10.1086/685447},
	url = {http://www.journals.uchicago.edu/doi/10.1086/685447},
	note = {Publisher: The University of Chicago Press}
}

@article{roy2012,
	title = {The election timing advantage: Empirical fact or fiction?},
	author = {Roy, Jason and Alcantara, Christopher},
	year = {2012},
	month = {12},
	date = {2012-12-01},
	journal = {Electoral Studies},
	pages = {774--781},
	volume = {31},
	number = {4},
	doi = {10.1016/j.electstud.2012.06.005},
	url = {https://www.sciencedirect.com/science/article/pii/S0261379412000807},
	langid = {en}
}

@article{ito1988,
	title = {Political business cycles in the parliamentary system},
	author = {Ito, Takatoshi and Park, Jin Hyuk},
	year = {1988},
	month = {01},
	date = {1988-01-01},
	journal = {Economics Letters},
	pages = {233--238},
	volume = {27},
	number = {3},
	doi = {10.1016/0165-1765(88)90176-0},
	url = {https://www.sciencedirect.com/science/article/pii/0165176588901760},
	langid = {en}
}
