
@inbook{spivak2020,
	booktitle = {The Politics of Recall Elections},
	title = {Recall Elections in the US: Its Long Past and Uncertain Future},
	author = {Spivak, Joshua},
	editor = {Welp, Yanina and Whitehead, Laurence},
	year = {2020},
	date = {2020},
	publisher = {Palgrave Macmillan},
	pages = {73--93},
	address = {Cham, Switzerland},
	langid = {eng}
}

@article{gordon2021,
	title = {Incentive Effects of Recall Elections: Evidence from Criminal Sentencing in California Courts},
	author = {Gordon, Sanford  C. and Yntiso, Sidak},
	year = {2021},
	month = {11},
	date = {2021-11-30},
	journal = {The Journal of Politics},
	doi = {10.1086/718357},
	url = {https://www.journals.uchicago.edu/doi/10.1086/718357},
	note = {Publisher: The University of Chicago Press}
}

@book{carey2008,
	title = {Legislative Voting and Accountability},
	author = {Carey, John M.},
	year = {2008},
	date = {2008},
	publisher = {Cambridge University Press},
	series = {Cambridge Studies in Comparative Politics},
	doi = {10.1017/CBO9780511810077},
	%url = {https://www.cambridge.org/core/books/legislative-voting-and-accountability/4A2BCDAC86601B9DA2BAE8ECBCC3AC36},
	note = {DOI: 10.1017/CBO9780511810077},
	address = {Cambridge}
}

@book{campbell1960,
	title = {The American Voter},
	author = {Campbell, Angus and Converse, Philip E. and Miller, Warren E. and Stokes, Donald E.},
	year = {1960},
	date = {1960},
	publisher = {Wiley},
	%url = {https://press.uchicago.edu/ucp/books/book/chicago/A/bo24047989.html},
	address = {New York},
	langid = {en}
}

@inbook{bartels2010,
	booktitle = {The Oxford Handbook of American Elections and Political Behavior},
	title = {The Study of Electoral Behavior},
	author = {Bartels, Larry M.},
	editor = {Leighley, Jan E.},
	year = {2010},
	month = {05},
	date = {2010-05-02},
	publisher = {Oxford University Press},
	pages = {239--261},
	edition = {1},
	doi = {10.1093/oxfordhb/9780199235476.003.0014},
	%url = {https://academic.oup.com/edited-volume/34390/chapter/291630969},
	note = {DOI: 10.1093/oxfordhb/9780199235476.003.0014},
	langid = {en}
}

@inbook{jacoby2010,
	booktitle = {The Oxford Handbook of American Elections and Political Behavior},
	title = {The American Voter},
	author = {Jacoby, William G.},
	editor = {Leighley, Jan E.},
	year = {2010},
	month = {05},
	date = {2010-05-02},
	publisher = {Oxford University Press},
	pages = {262--277},
	edition = {1},
	doi = {10.1093/oxfordhb/9780199235476.003.0015},
	%url = {https://academic.oup.com/edited-volume/34390/chapter/291631507},
	note = {DOI: 10.1093/oxfordhb/9780199235476.003.0015},
	langid = {en}
}

@book{thepoli2020,
	title = {The Politics of Recall Elections},
	editor = {Welp, Yanina and Whitehead, Laurence},
	year = {2020},
	date = {2020},
	publisher = {Palgrave Macmillan},
	address = {Cham, Switzerland},
	langid = {eng}
}

@inbook{masket2016,
	booktitle = {The Inevitable Party},
	title = {The California Recall: {\textquotedblleft}A Sprint with No Primary{\textquotedblright}},
	author = {Masket, Seth E.},
	year = {2016},
	date = {2016},
	publisher = {Oxford University Press},
	pages = {104--126},
	doi = {10.1093/acprof:oso/9780190220839.003.0006},
	%url = {https://oxford.universitypressscholarship.com/10.1093/acprof:oso/9780190220839.001.0001/acprof-9780190220839-chapter-6},
	note = {DOI: 10.1093/acprof:oso/9780190220839.003.0006},
	address = {New York},
	langid = {eng}
}

@book{gerston2004,
	title = {Recall!: California's Political Earthquake},
	author = {Gerston, Larry N. and Christensen, Terry},
	year = {2004},
	date = {2004},
	publisher = {Taylor & Francis Group},
	%url = {http://ebookcentral.proquest.com/lib/duke/detail.action?docID=2005302},
	address = {Armonk, NY}
}

@book{cain1987,
	title = {The Personal Vote: Constituency Service and Electoral Independence},
	author = {Cain, Bruce and Ferejohn, John and Fiorina, Morris},
	year = {1987},
	date = {1987},
	publisher = {Harvard University Press},
	address = {Cambridge, MA},
	langid = {eng}
}

@book{fenno1978,
	title = {Home Style: House Members in Their Districts},
	author = {Fenno, Richard F.},
	year = {1978},
	date = {1978},
	publisher = {Little, Brown},
	note = {Google-Books-ID: RUckAQAAIAAJ},
	address = {Boston},
	langid = {en}
}

@article{miller1963,
	title = {Constituency Influence in Congress},
	author = {Miller, Warren E. and Stokes, Donald E.},
	year = {1963},
	date = {1963},
	journal = {The American Political Science Review},
	pages = {45--56},
	volume = {57},
	number = {1},
	doi = {10.2307/1952717},
	%url = {https://www.jstor.org/stable/1952717},
	note = {Publisher: [American Political Science Association, Cambridge University Press]}
}

@article{weissberg1978,
	title = {Collective vs. Dyadic Representation in Congress},
	author = {Weissberg, Robert},
	year = {1978},
	date = {1978},
	journal = {The American Political Science Review},
	pages = {535--547},
	volume = {72},
	number = {2},
	doi = {10.2307/1954109},
	%url = {https://www.jstor.org/stable/1954109},
	note = {Publisher: [American Political Science Association, Cambridge University Press]}
}

@article{martin2020,
	title = {Coalition Government, Legislative Institutions, and Public Policy in Parliamentary Democracies},
	author = {Martin, Lanny W. and Vanberg, Georg},
	year = {2020},
	date = {2020},
	journal = {American Journal of Political Science},
	pages = {325--340},
	volume = {64},
	number = {2},
	doi = {10.1111/ajps.12453},
	%url = {http://onlinelibrary.wiley.com/doi/abs/10.1111/ajps.12453},
	note = {{\_}eprint: https://onlinelibrary.wiley.com/doi/pdf/10.1111/ajps.12453},
	langid = {en}
}

@book{lewis-beck2008,
	title = {The American Voter Revisited},
	author = {Lewis-Beck, Michael S. and Jacoby, William G. and Norpoth, Helmut and Weisberg, Herbert F.},
	year = {2008},
	date = {2008},
	publisher = {University of Michigan Press},
	address = {Ann Arbor}
}

@article{branton2003,
	title = {Examining Individual-Level Voting Behavior on State Ballot Propositions},
	author = {Branton, Regina P.},
	year = {2003},
	month = {09},
	date = {2003-09-01},
	journal = {Political Research Quarterly},
	pages = {367--377},
	volume = {56},
	number = {3},
	doi = {10.1177/106591290305600311},
	%url = {https://doi.org/10.1177/106591290305600311},
	note = {Publisher: SAGE Publications Inc},
	langid = {en}
}

@inbook{bowler2010,
	booktitle = {The Oxford Handbook of American Elections and Political Behavior},
	title = {Direct Democracy in the United States},
	author = {Bowler, Shaun and Donovan, Todd},
	editor = {Leighley, Jan E.},
	year = {2010},
	month = {05},
	date = {2010-05-02},
	publisher = {Oxford University Press},
	pages = {531--552},
	edition = {1},
	doi = {10.1093/oxfordhb/9780199235476.003.0028},
	%url = {https://academic.oup.com/edited-volume/34390/chapter/291636946},
	note = {DOI: 10.1093/oxfordhb/9780199235476.003.0028},
	langid = {en}
}

@book{colomer2011,
	title = {Personal Representation: The Neglected Dimension of Electoral Systems},
	author = {Colomer, Josep Maria},
	year = {2011},
	month = {07},
	date = {2011-07-01},
	publisher = {ECPR Press},
	note = {Google-Books-ID: hYhMAQAAQBAJ},
	langid = {en}
}

@book{mayhew1974,
	title = {Congress: The Electoral Connection},
	author = {Mayhew, David R.},
	year = {1974},
	date = {1974},
	publisher = {Yale University Press},
	address = {New Haven},
	langid = {eng}
}

@article{carey1995,
	title = {Incentives to cultivate a personal vote: A rank ordering of electoral formulas},
	author = {Carey, John M. and Shugart, Matthew Soberg},
	year = {1995},
	month = {12},
	date = {1995-12-01},
	journal = {Electoral Studies},
	pages = {417--439},
	volume = {14},
	number = {4},
	doi = {10.1016/0261-3794(94)00035-2},
	%url = {https://www.sciencedirect.com/science/article/pii/0261379494000352},
	langid = {en}
}

@inbook{converse1966,
	booktitle = {Elections and the Political Order},
	title = {The Concept of a Normal Vote},
	author = {Converse, Philip E.},
	year = {1966},
	month = {01},
	date = {1966-01-15},
	publisher = {Wiley},
	note = {Google-Books-ID: UCE5xwEACAAJ},
	address = {New York},
	langid = {en}
}

@article{hurley1991,
	title = {Partisan Representation, Realignment, and the Senate in the 1980s},
	author = {Hurley, Patricia A.},
	year = {1991},
	date = {1991},
	journal = {The Journal of Politics},
	pages = {3--33},
	volume = {53},
	number = {1},
	doi = {10.2307/2131718},
	%url = {http://www.jstor.org/stable/2131718},
	note = {Publisher: [University of Chicago Press, Southern Political Science Association]}
}

@inbook{ansolabehere2011,
	booktitle ={The Oxford Handbook of the American Congress},
	title = {Dyadic Representation},
	author = {Ansolabehere, Stephen and Jones, Philip Edward},
	editor = {Edwards, George C. and Lee, Frances E. and Schickler, Eric},
	year = {2011},
	month = {03},
	date = {2011-03-10},
	%url = {http://academic.oup.com/edited-volume/34381/chapter/291570081},
	langid = {en}
}


@article{carsey2017,
	title = {Rethinking the Normal Vote, the Personal Vote, and the Impact of Legislative Professionalism in U.S. State Legislative Elections},
	author = {Carsey, Thomas M. and Winburn, Jonathan and Berry, William D.},
	year = {2017},
	date = {2017},
	journal = {State Politics & Policy Quarterly},
	pages = {465--488},
	volume = {17},
	number = {4},
	%url = {https://www.jstor.org/stable/26940195},
	note = {Publisher: Sage Publications, Inc.}
}

@article{pattie1995,
	title = {Winning the Local Vote: The Effectiveness of Constituency Campaign Spending in Great Britain, 1983{\textendash}1992},
	author = {Pattie, Charles J. and Johnston, Ronald J. and Fieldhouse, Edward A.},
	year = {1995},
	month = {12},
	date = {1995-12},
	journal = {American Political Science Review},
	pages = {969--983},
	volume = {89},
	number = {4},
	doi = {10.2307/2082521},
	%url = {http://www.cambridge.org/core/journals/american-political-science-review/article/abs/winning-the-local-vote-the-effectiveness-of-constituency-campaign-spending-in-great-britain-19831992/E80163EEDFEB0B6949EAC2E0C4832136},
	note = {Publisher: Cambridge University Press},
	langid = {en}
}

@article{ansolabehere2000,
	title = {Old Voters, New Voters, and the Personal Vote: Using Redistricting to Measure the Incumbency Advantage},
	author = {Ansolabehere, Stephen and Snyder, James M. and Stewart, Charles},
	year = {2000},
	date = {2000},
	journal = {American Journal of Political Science},
	pages = {17--34},
	volume = {44},
	number = {1},
	doi = {10.2307/2669290},
	%url = {http://www.jstor.org/stable/2669290},
	note = {Publisher: [Midwest Political Science Association, Wiley]}
}

@article{primo2010,
	title = {Party Strength, the Personal Vote, and Government Spending},
	author = {Primo, David M. and Snyder, {James M., Jr.}},
	year = {2010},
	date = {2010},
	journal = {American Journal of Political Science},
	pages = {354--370},
	volume = {54},
	number = {2},
	doi = {10.1111/j.1540-5907.2010.00435.x},
	%url = {http://onlinelibrary.wiley.com/doi/abs/10.1111/j.1540-5907.2010.00435.x},
	note = {{\_}eprint: https://onlinelibrary.wiley.com/doi/pdf/10.1111/j.1540-5907.2010.00435.x},
	langid = {en}
}

@article{finocchiaro2018,
	title = {Making Washington Work: Legislative Entrepreneurship and the Personal Vote from the Gilded Age to the Great Depression},
	author = {Finocchiaro, Charles J. and MacKenzie, Scott A.},
	year = {2018},
	date = {2018},
	journal = {American Journal of Political Science},
	pages = {113--131},
	volume = {62},
	number = {1},
	doi = {10.1111/ajps.12326},
	%url = {http://onlinelibrary.wiley.com/doi/abs/10.1111/ajps.12326},
	note = {{\_}eprint: https://onlinelibrary.wiley.com/doi/pdf/10.1111/ajps.12326},
	langid = {en}
}

@book{cox2007,
	title = {Legislative Leviathan: Party Government in the House},
	author = {Cox, Gary W. and McCubbins, Mathew D.},
	year = {2007},
	date = {2007},
	publisher = {Cambridge University Press},
	edition = {2nd ed},
	note = {OCLC: ocm69992418},
	address = {Cambridge ; New York}
}

@article{reed1994,
	title = {Democracy and the personal vote: A cautionary tale from Japan},
	author = {Reed, Steven R.},
	year = {1994},
	month = {03},
	date = {1994-03-01},
	journal = {Electoral Studies},
	pages = {17--28},
	volume = {13},
	number = {1},
	doi = {10.1016/0261-3794(94)90004-3},
	%url = {https://www.sciencedirect.com/science/article/pii/0261379494900043},
	langid = {en}
}

@article{crisp2021,
	title = {Capturing vote-seeking incentives and the cultivation of a personal and party vote},
	author = {Crisp, Brian F. and Schneider, Benjamin and Catalinac, Amy and Muraoka, Taishi},
	year = {2021},
	month = {08},
	date = {2021-08-01},
	journal = {Electoral Studies},
	pages = {102369},
	volume = {72},
	doi = {10.1016/j.electstud.2021.102369},
	%url = {https://www.sciencedirect.com/science/article/pii/S0261379421000871},
	langid = {en}
}

@article{shugart2005,
	title = {Looking for Locals: Voter Information Demands and Personal Vote-Earning Attributes of Legislators under Proportional Representation},
	author = {Shugart, {Matthew Søberg} and Valdini, Melody Ellis and Suominen, Kati},
	year = {2005},
	date = {2005},
	journal = {American Journal of Political Science},
	pages = {437--449},
	volume = {49},
	number = {2},
	doi = {10.1111/j.0092-5853.2005.00133.x},
	%url = {http://onlinelibrary.wiley.com/doi/abs/10.1111/j.0092-5853.2005.00133.x},
	note = {{\_}eprint: https://onlinelibrary.wiley.com/doi/pdf/10.1111/j.0092-5853.2005.00133.x},
	langid = {en}
}

@inbook{welp2020,
	booktitle = {The Routledge Handbook to Referendums and Direct Democracy},
	title = {Recall Referendum around the World: Origins, Institutional Designs and Current Debates},
	author = {Welp, Yanina},
	editor = {Morel, Laurence and Qvortrup, Matt},
	year = {2020},
	month = {01},
	date = {2020-01-11},
	publisher = {Routledge},
	pages = {451--463},
	doi = {10.4324/9780203713181},
	note = {DOI: 10.4324/9780203713181},
	address = {London}
}

@inbook{kam2014,
	title = {Party Discipline},
	author = {Kam, Christopher},
	editor = {Martin, Shane and Saalfeld, Thomas and {Strøm}, Kaare W.},
	year = {2014},
	month = {06},
	date = {2014-06-19},
	publisher = {Oxford University Press},
	pages = {0},
	doi = {10.1093/oxfordhb/9780199653010.013.0020},
	%url = {https://doi.org/10.1093/oxfordhb/9780199653010.013.0020},
	note = {DOI: 10.1093/oxfordhb/9780199653010.013.0020}
}

@book{rohde1991,
	title = {Parties and Leaders in the Postreform House},
	author = {Rohde, David W.},
	year = {1991},
	month = {08},
	date = {1991-08},
	publisher = {University of Chicago Press},
	series = {American Politics and Political Economy Series},
	%url = {https://press.uchicago.edu/ucp/books/book/chicago/P/bo3638205.html},
	address = {Chicago, IL},
	langid = {en}
}

@inbook{depauw2009,
	title = {Legislative Party Discipline and Cohesion in Comparative Perspective},
	author = {Depauw, Sam and Martin, },
	editor = {Giannetti, Daniela and Benoit, Kenneth},
	year = {2009},
	date = {2009},
	publisher = {Routledge},
	series = {Routledge/ECPR studies in European political science},
	number = {56},
	note = {OCLC: ocn179814601},
	address = {London ; New York}
}

@book{cox2005,
	title = {Setting the Agenda: Responsible Party Government in the U.S. House of Representatives},
	author = {Cox, Gary W. and McCubbins, Mathew D.},
	year = {2005},
	date = {2005},
	publisher = {Cambridge University Press},
	doi = {10.1017/CBO9780511791123},
	%url = {https://www.cambridge.org/core/books/setting-the-agenda/C3B6AB4BAD51BDEE406120597A460C16},
	note = {DOI: 10.1017/CBO9780511791123},
	address = {Cambridge}
}

@article{jenkins2012,
	title = {Buying Negative Agenda Control in the U.S. House: {\emph{BUYING NEGATIVE AGENDA CONTROL IN THE U.S. HOUSE}}},
	author = {Jenkins, Jeffery A. and Monroe, Nathan W.},
	year = {2012},
	month = {10},
	date = {2012-10},
	journal = {American Journal of Political Science},
	pages = {897--912},
	volume = {56},
	number = {4},
	doi = {10.1111/j.1540-5907.2012.00593.x},
	%url = {https://onlinelibrary.wiley.com/doi/10.1111/j.1540-5907.2012.00593.x},
	langid = {en}
}

@book{hibbing1991,
	title = {Congressional Careers: Contours of Life in the U.S. House of Representatives},
	author = {Hibbing, John R.},
	year = {1991},
	date = {1991},
	publisher = {UNC Press},
	note = {Google-Books-ID: 9g1ziNu73iYC},
	address = {Chapel Hill, NC},
	langid = {en}
}

@article{ensley2009,
	title = {District Complexity as an Advantage in Congressional Elections},
	author = {Ensley, Michael J. and Tofias, Michael W. and de Marchi, Scott},
	year = {2009},
	date = {2009},
	journal = {American Journal of Political Science},
	pages = {990--1005},
	volume = {53},
	number = {4},
	url = {http://www.jstor.org/stable/20647962},
	note = {Publisher: [Midwest Political Science Association, Wiley]}
}
