
@article{schürmann2022,
	title = {Who Represents the Constituency? Online Political Communication by Members of Parliament in the German Mixed-Member Electoral System},
	author = {{Schürmann}, Lennart and Stier, Sebastian},
	year = {2022},
	month = {03},
	date = {2022-03-09},
	journal = {Legislative Studies Quarterly},
	volume = {n/a},
	number = {n/a},
	doi = {10.1111/lsq.12379},
	url = {https://onlinelibrary.wiley.com/doi/abs/10.1111/lsq.12379},
	note = {{\_}eprint: https://onlinelibrary.wiley.com/doi/pdf/10.1111/lsq.12379},
	langid = {en}
}
